<?xml version="1.0" encoding="UTF-8"?><record xmlns="http://www.loc.gov/MARC21/slim" xmlns:cinclude="http://apache.org/cocoon/include/1.0" xmlns:zs="http://www.loc.gov/zing/srw/">
  <leader>00566cz  a2200169n  4500</leader>
  <controlfield tag="001">n  80144120 </controlfield>
  <controlfield tag="003">DLC</controlfield>
  <controlfield tag="005">20130315082451.0</controlfield>
  <controlfield tag="008">801114n| azannaab           |b aaa      </controlfield>
  <datafield tag="010" ind1=" " ind2=" ">
    <subfield code="a">n  80144120 </subfield>
  </datafield>
  <datafield tag="040" ind1=" " ind2=" ">
    <subfield code="a">DLC</subfield>
    <subfield code="b">eng</subfield>
    <subfield code="e">rda</subfield>
    <subfield code="c">DLC</subfield>
    <subfield code="d">DLC</subfield>
  </datafield>
  <datafield tag="100" ind1="1" ind2=" ">
    <subfield code="a">Hauptmann, Gerhart,</subfield>
    <subfield code="d">1862-1946.</subfield>
    <subfield code="t">Works.</subfield>
    <subfield code="k">Selections</subfield>
  </datafield>
  <datafield tag="381" ind1=" " ind2=" ">
    <subfield code="a">Selections</subfield>
  </datafield>
  <datafield tag="400" ind1="1" ind2=" ">
    <subfield code="w">nnea</subfield>
    <subfield code="a">Hauptmann, Gerhart,</subfield>
    <subfield code="d">1862-1946.</subfield>
    <subfield code="t">Selections</subfield>
  </datafield>
  <datafield tag="400" ind1="1" ind2=" ">
    <subfield code="a">Hauptmann, Gerhart Johann Robert,</subfield>
    <subfield code="d">1862-1946.</subfield>
    <subfield code="t">Dramen</subfield>
  </datafield>
  <datafield tag="400" ind1="1" ind2=" ">
    <subfield code="w">nna</subfield>
    <subfield code="a">Hauptmann, Gerhart Johann Robert,</subfield>
    <subfield code="d">1862-1946.</subfield>
    <subfield code="t">Selected works</subfield>
  </datafield>
  <datafield tag="670" ind1=" " ind2=" ">
    <subfield code="a">His Dramen, 1980.</subfield>
  </datafield>
</record>